
@article{bib:someart,
	Author = {Rocket J Squirrel and Bullwinkle J Moose},
	Journal = {Jet Fuel Formula},
	Number = {1},
	Pages = {59--64},
	Publisher = {Jay Ward},
	Title = {Box Top Robbery},
	Volume = {314},
	Year = {1999}}

@mastersthesis{bib:somethesis,
	Author = {Tom Slick},
	Month = {Sep},
	School = {University of Texas at Austin},
	Title = {Then away he'll schlep},
	Type = {Senior Thesis},
	Year = {1967}}

@inbook{bib:somebook,
	Author = {Blow, Joe},
	Keywords = {Math, Example},
	Month = {Aug},
	Publisher = {Some place},
	Title = {Next step for {Austin}},
	Url = {http://www.google.com},
	Year = {2017}
}

@article{PhysRevLett.112.103203,
  title = {Electronic Friction Dominates Hydrogen Hot-Atom Relaxation on Pd(100)},
  author = {Blanco-Rey, M. and Juaristi, J. I. and D\'{\i}ez Mui\~no, R. and Busnengo, H. F. and Kroes, G. J. and Alducin, M.},
  journal = {Phys. Rev. Lett.},
  volume = {112},
  issue = {10},
  pages = {103203},
  numpages = {5},
  year = {2014},
  month = {Mar},
  publisher = {American Physical Society},
  doi = {10.1103/PhysRevLett.112.103203},
  url = {https://link.aps.org/doi/10.1103/PhysRevLett.112.103203}
}


